Automatically generated by Mendeley Desktop 1.12.4
Any changes to this file will be lost if it is regenerated by Mendeley.

BibTeX export options can be customized via Preferences -> BibTeX in Mendeley Desktop

@article{Modi2005,
author = {Modi, P and Shen, W and Tambe, M and Yokoo, M},
doi = {10.1016/j.artint.2004.09.003},
file = {:Users/daniel/Library/Application Support/Mendeley Desktop/Downloaded/Modi et al. - 2005 - Adopt asynchronous distributed constraint optimization with quality guarantees.pdf:pdf},
issn = {00043702},
journal = {Artificial Intelligence},
month = jan,
number = {1-2},
pages = {149--180},
title = {{Adopt: asynchronous distributed constraint optimization with quality guarantees}},
url = {http://linkinghub.elsevier.com/retrieve/pii/S0004370204001511},
volume = {161},
year = {2005}
}
@article{Chun2003,
author = {Chun, Andy and Wai, Hon and Wong, Rebecca Y.M.},
doi = {10.1016/j.engappai.2003.09.009},
file = {:Users/daniel/Library/Application Support/Mendeley Desktop/Downloaded/Chun, Wai, Wong - 2003 - Optimizing agent-based meeting scheduling through preference estimation.pdf:pdf},
issn = {09521976},
journal = {Engineering Applications of Artificial Intelligence},
keywords = {agent-based negotiation,distributed scheduling,meeting scheduling,software agents,user preference modeling},
month = oct,
number = {7-8},
pages = {727--743},
title = {{Optimizing agent-based meeting scheduling through preference estimation}},
url = {http://linkinghub.elsevier.com/retrieve/pii/S0952197603001167},
volume = {16},
year = {2003}
}
@article{Mertens2006,
address = {New York, New York, USA},
author = {Mertens, Koenraad and Holvoet, Tom and Berbers, Yolande},
doi = {10.1145/1160633.1160898},
file = {:Users/daniel/Library/Application Support/Mendeley Desktop/Downloaded/Mertens, Holvoet, Berbers - 2006 - The DynCOAA algorithm for dynamic constraint optimization problems.pdf:pdf},
isbn = {1595933034},
journal = {Proceedings of the fifth international joint conference on Autonomous agents and multiagent systems - AAMAS '06},
keywords = {aco,distributed constraint optimization,dynamic},
pages = {1421},
publisher = {ACM Press},
title = {{The DynCOAA algorithm for dynamic constraint optimization problems}},
url = {http://portal.acm.org/citation.cfm?doid=1160633.1160898},
year = {2006}
}
@article{Berger2008,
author = {Berger, Florian and Klein, Rolf and Nussbaum, Doron and Sack, J\"{o}rg-R\"{u}diger and Yi, Jiehua},
doi = {10.1007/s10707-008-0053-4},
file = {:Users/daniel/Library/Application Support/Mendeley Desktop/Downloaded/Berger et al. - 2008 - A meeting scheduling problem respecting time and space.pdf:pdf},
isbn = {1070700800},
issn = {1384-6175},
journal = {GeoInformatica},
month = jul,
number = {4},
pages = {453--481},
title = {{A meeting scheduling problem respecting time and space}},
url = {http://link.springer.com/10.1007/s10707-008-0053-4},
volume = {13},
year = {2008}
}
@article{Hernandez2010,
archivePrefix = {arXiv},
arxivId = {1011.5349},
author = {Hern\'{a}ndez, Hugo and Blum, Christian},
eprint = {1011.5349},
file = {:Users/daniel/Library/Application Support/Mendeley Desktop/Downloaded/Hern\'{a}ndez, Blum - 2010 - Distributed Graph Coloring An Approach Based on the Calling Behavior of Japanese Tree Frogs.pdf:pdf},
month = nov,
title = {{Distributed Graph Coloring: An Approach Based on the Calling Behavior of Japanese Tree Frogs}},
url = {http://arxiv.org/abs/1011.5349v1},
year = {2010}
}
@article{Hansen2001,
author = {Hansen, Eric a. and Zilberstein, Shlomo},
doi = {10.1016/S0004-3702(00)00068-0},
file = {:Users/daniel/Library/Application Support/Mendeley Desktop/Downloaded/Hansen, Zilberstein - 2001 - Monitoring and control of anytime algorithms A dynamic programming approach.pdf:pdf},
issn = {00043702},
journal = {Artificial Intelligence},
keywords = {anytime algorithms,flexible computation,meta-level control,monitoring,real-time deliberation,reasoning,resource-bounded},
month = feb,
number = {1-2},
pages = {139--157},
title = {{Monitoring and control of anytime algorithms: A dynamic programming approach}},
url = {http://linkinghub.elsevier.com/retrieve/pii/S0004370200000680},
volume = {126},
year = {2001}
}
@book{Chapman2011,
author = {Chapman, Archie C. and Rogers, Alex and Jennings, Nicholas R. and Leslie, David S.},
booktitle = {The Knowledge Engineering Review},
doi = {10.1017/S0269888911000178},
file = {:Users/daniel/Library/Application Support/Mendeley Desktop/Downloaded/Chapman et al. - 2011 - A unifying framework for iterative approximate best-response algorithms for distributed constraint optimization.pdf:pdf},
isbn = {0269888911000},
issn = {0269-8889},
month = nov,
number = {04},
pages = {411--444},
title = {{A unifying framework for iterative approximate best-response algorithms for distributed constraint optimization problems}},
url = {http://www.journals.cambridge.org/abstract\_S0269888911000178},
volume = {26},
year = {2011}
}
@article{Mes2007,
author = {Mes, Martijn and van der Heijden, Matthieu and van Harten, Aart},
doi = {10.1016/j.ejor.2006.02.051},
file = {:Users/daniel/Library/Application Support/Mendeley Desktop/Downloaded/Mes, van der Heijden, van Harten - 2007 - Comparison of agent-based scheduling to look-ahead heuristics for real-time transportation pro.pdf:pdf},
issn = {03772217},
journal = {European Journal of Operational Research},
keywords = {auctions,bidding,multi-agent systems,transportation},
month = aug,
number = {1},
pages = {59--75},
title = {{Comparison of agent-based scheduling to look-ahead heuristics for real-time transportation problems}},
url = {http://linkinghub.elsevier.com/retrieve/pii/S0377221706004735},
volume = {181},
year = {2007}
}
@article{Chapman2010,
author = {Chapman, Archie C. and Rogers, Alex and Jennings, Nicholas R.},
doi = {10.1007/s10458-010-9128-3},
file = {:Users/daniel/Library/Application Support/Mendeley Desktop/Downloaded/Chapman, Rogers, Jennings - 2010 - Benchmarking hybrid algorithms for distributed constraint optimisation games.pdf:pdf},
issn = {1387-2532},
journal = {Autonomous Agents and Multi-Agent Systems},
month = apr,
number = {3},
pages = {385--414},
title = {{Benchmarking hybrid algorithms for distributed constraint optimisation games}},
url = {http://link.springer.com/10.1007/s10458-010-9128-3},
volume = {22},
year = {2010}
}
@article{Aci2008,
author = {Aci, M. and Inan, C. and Avci, M.},
doi = {10.1109/IS.2008.4670463},
file = {:Users/daniel/Library/Application Support/Mendeley Desktop/Downloaded/Aci, Inan, Avci - 2008 - Utilization of K-NN algorithm for expectation maximization based classification method.pdf:pdf},
isbn = {978-1-4244-1739-1},
journal = {2008 4th International IEEE Conference Intelligent Systems},
month = sep,
pages = {19--14--19--16},
publisher = {Ieee},
title = {{Utilization of K-NN algorithm for expectation maximization based classification method}},
url = {http://ieeexplore.ieee.org/lpdocs/epic03/wrapper.htm?arnumber=4670463},
year = {2008}
}
@article{Chen2007,
author = {Chen, Yee-Ming and Wang, Shih-Chang},
doi = {10.1016/j.asoc.2005.04.003},
file = {:Users/daniel/Library/Application Support/Mendeley Desktop/Downloaded/Chen, Wang - 2007 - Framework of agent-based intelligence system with two-stage decision-making process for distributed dynamic scheduli.pdf:pdf},
issn = {15684946},
journal = {Applied Soft Computing},
keywords = {agent,compensatory negotiation process,decision-making,distributed,fuzzy decision-making process,multiagent systems},
month = jan,
number = {1},
pages = {229--245},
title = {{Framework of agent-based intelligence system with two-stage decision-making process for distributed dynamic scheduling}},
url = {http://linkinghub.elsevier.com/retrieve/pii/S1568494605000414},
volume = {7},
year = {2007}
}
@article{Crawford,
author = {Crawford, E. and Veloso, M.},
doi = {10.1109/IAT.2004.1342952},
file = {:Users/daniel/Library/Application Support/Mendeley Desktop/Downloaded/Crawford, Veloso - Unknown - Mechanism design for multi-agent meeting scheduling including time preferences, availability, and value of.pdf:pdf},
isbn = {0-7695-2101-0},
journal = {Proceedings. IEEE/WIC/ACM International Conference on Intelligent Agent Technology, 2004. (IAT 2004).},
pages = {253--259},
publisher = {Ieee},
title = {{Mechanism design for multi-agent meeting scheduling including time preferences, availability, and value of presence}},
url = {http://ieeexplore.ieee.org/lpdocs/epic03/wrapper.htm?arnumber=1342952}
}
@article{Zivan2009,
author = {Zivan, Roie and Glinton, Robin and Sycara, Katia},
doi = {10.1109/WI-IAT.2009.176},
file = {:Users/daniel/Library/Application Support/Mendeley Desktop/Downloaded/Zivan, Glinton, Sycara - 2009 - Distributed Constraint Optimization for Large Teams of Mobile Sensing Agents.pdf:pdf},
isbn = {978-0-7695-3801-3},
journal = {2009 IEEE/WIC/ACM International Joint Conference on Web Intelligence and Intelligent Agent Technology},
pages = {347--354},
publisher = {Ieee},
title = {{Distributed Constraint Optimization for Large Teams of Mobile Sensing Agents}},
url = {http://ieeexplore.ieee.org/lpdocs/epic03/wrapper.htm?arnumber=5284814},
year = {2009}
}
@article{Aji2000,
author = {Aji, S.M. and McEliece, R.J.},
doi = {10.1109/18.825794},
file = {:Users/daniel/Library/Application Support/Mendeley Desktop/Downloaded/Aji, McEliece - 2000 - The generalized distributive law.pdf:pdf},
issn = {00189448},
journal = {IEEE Transactions on Information Theory},
month = mar,
number = {2},
pages = {325--343},
title = {{The generalized distributive law}},
url = {http://ieeexplore.ieee.org/lpdocs/epic03/wrapper.htm?arnumber=825794},
volume = {46},
year = {2000}
}
@article{BenHassine2007,
author = {BenHassine, Ahlem and Ho, Tu Bao},
doi = {10.1016/j.engappai.2006.10.004},
file = {:Users/daniel/Library/Application Support/Mendeley Desktop/Downloaded/BenHassine, Ho - 2007 - An agent-based approach to solve dynamic meeting scheduling problems with preferences.pdf:pdf},
issn = {09521976},
journal = {Engineering Applications of Artificial Intelligence},
keywords = {distributed problem,dynamic valued constraint satisfaction,local consistency,meeting scheduling problems,multi-agent system,problems},
month = sep,
number = {6},
pages = {857--873},
title = {{An agent-based approach to solve dynamic meeting scheduling problems with preferences}},
url = {http://linkinghub.elsevier.com/retrieve/pii/S0952197606001667},
volume = {20},
year = {2007}
}
@article{Kojima2013,
author = {Kojima, Masataka and Nakano, Hidehiro and Miyauchi, Arata},
doi = {10.1109/CEC.2013.6557856},
file = {:Users/daniel/Library/Application Support/Mendeley Desktop/Downloaded/Kojima, Nakano, Miyauchi - 2013 - An Artificial Bee Colony algorithm for solving dynamic optimization problems.pdf:pdf},
isbn = {978-1-4799-0454-9},
journal = {2013 IEEE Congress on Evolutionary Computation},
month = jun,
pages = {2398--2405},
publisher = {Ieee},
title = {{An Artificial Bee Colony algorithm for solving dynamic optimization problems}},
url = {http://ieeexplore.ieee.org/lpdocs/epic03/wrapper.htm?arnumber=6557856},
year = {2013}
}
